@TECHREPORT{sphinx4,
    author = {Willie Walker and Paul Lamere and Philip Kwok and Bhiksha Raj and Rita Singh and Ro Gouvea and Peter Wolf and Joe Woelfel and W. Walker and P. Lamere and P. Kwok},
    title = {Sphinx-4: A flexible open source framework for speech recognition},
    institution = {Sun Microsystems},
    year = {2004}
}

@InProceedings{srilm,
  author    = {A. Stolcke},
  title     = {SRILM - An Extensible Language Modeling Toolkit},
  booktitle = {Proc. Intl. Conf. Spoken Language Processing},
  month     = {September},
  year      = {2002},
  address   = {Denver, Colorado},
  url       = {http://www-speech.sri.com/cgi-bin/run-distill?papers/icslp2002-srilm.ps.gz}
}
